@misc{Tantau2022,
title={User's Guide to the Beamer Class, Version 3.66},
author={Tantau, Till},
year={2022}
}

@inproceedings{Liu2020,
author = {Liu, Siyou and Zhang, Xiaojun},
booktitle = {Proceedings of the 12th Conference on Language Resources and Evaluation},
pages = {3775--3781},
title = {{Corpora for Document-Level Neural Machine Translation}},
url = {http://opus.nlpl.eu/OpenSubtitles2018.},
year = {2020}
}

@inproceedings{Scarton2018,
address = {Melbourne},
author = {Scarton, Carolina and Specia, Lucia},
booktitle = {Proceedings of the 56th Annual Meeting of the Association for Computational Linguistics (Short Papers)},
month = {7},
pages = {712--718},
publisher = {Association for Computational Linguistics},
title = {{Learning Simplifications for Specific Target Audiences}},
url = {http://opennmt.net/OpenNMT/},
year = {2018}
}

@inproceedings{Battisti2020,
address = {Marseille},
archivePrefix = {arXiv},
arxivId = {1909.09067v1},
author = {Battisti, Alessia and Pf{\"{u}}tze, Dominik and Pf{\"{u}}tze, Pf¨ and S{\"{a}}uberli, Andreas and Kostrzewa, Marek and Ebling, Sarah},
booktitle = {Proceedings ofthe 12th Conference on Language Resources and Evaluation},
eprint = {1909.09067v1},
pages = {11--16},
publisher = {European Language Resources Association (ELRA)},
title = {{A Corpus for Automatic Readability Assessment and Text Simplification of German}},
url = {https://www.pdflib.com/},
year = {2020}
}

@inproceedings{Alva-Manchego2017,
address = {Taipei, Taiwan},
author = {Alva-Manchego, Fernando and Bingel, Joachim and Paetzold, Gustavo H and Scarton, Carolina and Specia, Lucia},
booktitle = {Proceedings ofthe The 8th International Joint Conference on Natural Language Processing},
pages = {295--305},
publisher = {AFNLP},
title = {{Learning How to Simplify From Explicit Labeling of Complex-Simplified Text Pairs}},
url = {https://github.com/jbingel/},
year = {2017}
}

@inproceedings{Alva-Manchego2020,
author = {Alva-Manchego, Fernando and Martin, Louis and Bordes, Antoine and Scarton, Carolina and Sagot, Benoˆıt Benoˆıt and Specia, Lucia},
booktitle = {Proceedings ofthe 58th Annual Meeting ofthe Association for Computational Linguistics},
month = {7},
pages = {4668--4679},
publisher = {Association for Computational Linguistics},
title = {{ASSET: A Dataset for Tuning and Evaluation of Sentence Simplification Models with Multiple Rewriting Transformations}},
url = {https://github.com/facebookresearch/},
year = {2020}
}
